@inproceedings{Tazaki13,
author = {Tazaki, Hajime and Urbani, Frederic and Mancini, Emilio and Lacage, Mathieu and Camara, Daniel and Turletti, Thierry and Dabbous, Walid},
title = {Direct Code Execution: Revisiting Library OS Architecture for Reproducible Network Experiments},
year = {2013},
isbn = {9781450321013},
publisher = {Association for Computing Machinery},
address = {New York, NY, USA},
booktitle = {Proceedings of the Ninth ACM Conference on Emerging Networking Experiments and Technologies},
pages = {217--228},
numpages = {12},
keywords = {software development, network stack, experimentation, linux, simulation, emulation, direct code execution},
location = {Santa Barbara, California, USA},
series = {CoNEXT '13}
}

@inproceedings{Rai20,
author = {Rai, Shanthanu S. and G., Narayan and M., Dhanasekhar and Monis, Leslie and Tahiliani, Mohit P.},
title = {NeST: Network Stack Tester},
year = {2020},
isbn = {9781450380393},
publisher = {Association for Computing Machinery},
address = {New York, NY, USA},
booktitle = {Proceedings of the Applied Networking Research Workshop},
pages = {32--37},
numpages = {6},
keywords = {Emulation, Network Stack, Network Namespaces},
location = {Virtual Event, Spain},
series = {ANRW '20}
}

  
@inproceedings{Handigol12,
author = {Handigol, Nikhil and Heller, Brandon and Jeyakumar, Vimalkumar and Lantz, Bob and McKeown, Nick},
title = {Reproducible Network Experiments Using Container-Based Emulation},
year = {2012},
isbn = {9781450317757},
publisher = {Association for Computing Machinery},
address = {New York, NY, USA},
booktitle = {Proceedings of the 8th International Conference on Emerging Networking Experiments and Technologies},
pages = {253--264},
numpages = {12},
keywords = {container-based emulation, reproducible research},
location = {Nice, France},
series = {CoNEXT '12}
}

  
@INPROCEEDINGS{Jin12,
  author={Jin, Dong and Zheng, Yuhao and Zhu, Huaiyu and Nicol, David M. and Winterrowd, Lenhard},
  booktitle={2012 ACM/IEEE/SCS 26th Workshop on Principles of Advanced and Distributed Simulation}, 
  title={Virtual Time Integration of Emulation and Parallel Simulation}, 
  year={2012},
  volume={},
  number={},
  pages={201-210},
  doi={10.1109/PADS.2012.49}
}

@ARTICLE{Camara12,
  author={Camara, Daniel and Tazaki, Hajime and Mancini, Emilio and Turletti, Thierry and Dabbous, Walid and Lacage, Mathieu},
  journal={IEEE Communications Magazine}, 
  title={DCE: Test the real code of your protocols and applications over simulated networks}, 
  year={2014},
  volume={52},
  number={3},
  pages={104-110},
  doi={10.1109/MCOM.2014.6766093}
}

@inproceedings{Ivey16b,
author = {Ivey, Jared and Yang, Hemin and Zhang, Chuanji and Riley, George},
title = {Comparing a Scalable SDN Simulation Framework Built on ns-3 and DCE with Existing SDN Simulators and Emulators},
year = {2016},
isbn = {9781450337427},
publisher = {Association for Computing Machinery},
address = {New York, NY, USA},
url = {https://doi.org/10.1145/2901378.2901391},
doi = {10.1145/2901378.2901391},
booktitle = {Proceedings of the 2016 ACM SIGSIM Conference on Principles of Advanced Discrete Simulation},
pages = {153â€“164},
numpages = {12},
keywords = {ns-3, network simulation, network emulation, mininet, software-defined networking},
location = {Banff, Alberta, Canada},
series = {SIGSIM-PADS '16}
}

@inproceedings{Ivey16,
author = {Ivey, Jared S. and Riley, George F.},
title = {Analysis of Programming Language Overhead in DCE},
year = {2016},
publisher = {Association for Computing Machinery},
address = {New York, NY, USA},
booktitle = {Proceedings of the Workshop on ns-3},
pages = {41--48},
numpages = {8},
location = {Seattle, WA, USA},
series = {WNS3 '16}
}

@techreport{Wiggins16,
  title={Scaling ns-3 DCE Experiments on Multi-Core Servers},
  author={Wiggins, David P and Veytser, Leonid and Deutsch, Patricia and Cheng, Bow-Nan},
  year={2016},
  institution={MIT Lincoln Laboratory Lexington United States}
}

@techreport{Lacage10,
  title={Experimentation Tools for Networking Research},
  author={Lacage, Mathieu},
  year={2010},
  institution={Uinversite de Nice-Sophia Antipolis, France}
}

@inproceedings{Duggirala12,
author={Duggirala, Vedavyas and Varadarajan, Srinidhi},
booktitle={2012 ACM/IEEE/SCS 26th Workshop on Principles of Advanced and Distributed Simulation}, 
title={Open Network Emulator: A Parallel Direct Code Execution Network Simulator}, 
year={2012},
pages={101-110},
publisher = {Association for Computing Machinery},
address = {New York, NY, USA},
numpages = {10},
location = {Washington, DC, USA},
series = {SIGSIM-PADS '12}
}

@article{Wang03,
  title={The Design and Implementation of the NCTUns 1.0 Network Simulator},
  author={Wang, Shie-Yuan and Chou, CL and Huang, CH and Hwang, CC and Yang, ZM and Chiou, CC and Lin, CC},
  journal={Computer networks},
  volume={42},
  number={2},
  pages={175--197},
  year={2003},
  publisher={Elsevier}
}


